<record><leader>00000cas a2200000 a 4500</leader><controlfield tag="001">12348217</controlfield><controlfield tag="008">850805d19061913ksuwr ne      0    0eng d</controlfield><datafield ind1=" " ind2=" " tag="010"><subfield code="a">sn 85031571 </subfield></datafield><datafield ind1=" " ind2=" " tag="040"><subfield code="a">KSH</subfield><subfield code="b">eng</subfield><subfield code="c">KSH</subfield><subfield code="d">NPT</subfield><subfield code="d">OCL</subfield><subfield code="d">OCLCQ</subfield></datafield><datafield ind1=" " ind2=" " tag="042"><subfield code="a">msc</subfield></datafield><datafield ind1="0" ind2=" " tag="130"><subfield code="a">Telegram (Norton, Kan. : Weekly)</subfield></datafield><datafield ind1="1" ind2="4" tag="245"><subfield code="a">The telegram.</subfield></datafield><datafield ind1="3" ind2="0" tag="246"><subfield code="a">Weekly telegram</subfield></datafield><datafield ind1="3" ind2="0" tag="246"><subfield code="a">Norton telegram</subfield></datafield><datafield ind1=" " ind2=" " tag="260"><subfield code="a">Norton, Kan. :</subfield><subfield code="b">Will E. Garland Print. Co.,</subfield><subfield code="c">-1913.</subfield></datafield><datafield ind1=" " ind2=" " tag="300"><subfield code="a">v. :</subfield><subfield code="b">ill. ;</subfield><subfield code="c">55 cm.</subfield></datafield><datafield ind1=" " ind2=" " tag="310"><subfield code="a">Weekly</subfield></datafield><datafield ind1="0" ind2=" " tag="362"><subfield code="a">-v. 8, no. 32 (Sept. 24, 1913).</subfield></datafield><datafield ind1="1" ind2=" " tag="362"><subfield code="a">Began in 1906.</subfield><subfield code="z">Cf. Ayer, 1908.</subfield></datafield><datafield ind1=" " ind2=" " tag="500"><subfield code="a">Sometimes published as: Weekly telegram; Norton telegram.</subfield></datafield><datafield ind1=" " ind2=" " tag="500"><subfield code="a">Published by: Nick Garland, Apr. 1, 1905-July 30, 1913; Nick Garland &amp; Will Garland, Aug. 13-Sept. 24, 1913.</subfield></datafield><datafield ind1=" " ind2=" " tag="580"><subfield code="a">Also issued in a daily edition called: Telegram (Norton, Kan. : Daily) &lt;Apr. 5&gt;-Nov. 19, 1907; Daily telegram (Norton, Kan. : 1907) Nov. 20, 1907-Nov. 10, 1911; Norton daily telegram (Norton, Kan. : 1911) Nov. 11, 1911-Sept. 24, 1913.</subfield></datafield><datafield ind1=" " ind2=" " tag="588"><subfield code="a">Description based on: Vol. 1, no. 8 (Apr. 18, 1906).</subfield></datafield><datafield ind1=" " ind2=" " tag="752"><subfield code="a">United States</subfield><subfield code="b">Kansas</subfield><subfield code="c">Norton</subfield><subfield code="d">Norton.</subfield></datafield><datafield ind1="1" ind2=" " tag="775"><subfield code="t">Telegram (Norton, Kan. : Daily)</subfield><subfield code="w">(DLC)sn 85031961</subfield></datafield><datafield ind1="1" ind2=" " tag="775"><subfield code="t">Daily telegram (Norton, Kan. : 1907)</subfield><subfield code="w">(DLC)sn 85031960</subfield></datafield><datafield ind1="1" ind2=" " tag="775"><subfield code="t">Norton daily telegram (Norton, Kan. : 1911)</subfield><subfield code="w">(DLC)sn 85031959</subfield></datafield><datafield ind1="0" ind2="0" tag="785"><subfield code="t">Norton telegram (Norton, Kan. : 1913)</subfield><subfield code="w">(DLC)sn 85031964</subfield></datafield><datafield ind1="1" ind2=" " tag="029"><subfield code="a">AU@</subfield><subfield code="b">000020386122</subfield></datafield></record>